@misc{Box2D,
  title =        "Box2D Documentation",
  url = "https://box2d.org/"
}

@misc{Tutorials_Box2D,
    title     = "Box2D tutorials",
    url   = "http://www.iforce2d.net/b2dtut/"
}
 
@misc{Github_Conveyor_Belt,
    title     = "Conveyor Belt",
    url       = "https://github.com/pratnala"
 }
@misc{Youtube,
  title =        "Water Pouring Rube Goldberg Simple Machine Course",
  author =      "TheEpicSpaniardRS",
  url = "https://www.youtube.com/watch?v=fQafL75ud7A"
}
@misc{ShareLatex,
    author    = "Share$\LaTeX$",
    title     = "Share$\LaTeX$ Tutorials",
    url       = "https://www.sharelatex.com/learn/Bibliography_management_in_LaTeX"
 }
@misc{General_Problems,
    title = "General problems",
    url = "http://stackoverflow.com/"
}